@unpublished{obregon2024lsf,
  author = {Obregon Fonseca, Erick Andres},
  note   = {unpublished},
  title  = {{Least-Squares Filter Applied to a Temperature Control System using Simulink}},
  year   = {2024}
}

@book{mendel1995lessons,
  title     = {Lessons in estimation theory for signal processing, communications, and control},
  author    = {Mendel, Jerry M},
  year      = {1995},
  publisher = {Pearson Education}
}

@article{kalman1960new,
  title   = {A new approach to linear filtering and prediction problems},
  author  = {Kalman, Rudolph Emil},
  year    = {1960},
  journal = {Journal of Basic Engineering}
}

@article{bishop2001introduction,
  title   = {An introduction to the kalman filter},
  author  = {Bishop, Gary and Welch, Greg and others},
  journal = {Proc of SIGGRAPH, Course},
  volume  = {8},
  number  = {27599-23175},
  pages   = {41},
  year    = {2001}
}

@article{khodarahmi2023review,
  title     = {A review on Kalman filter models},
  author    = {Khodarahmi, Masoud and Maihami, Vafa},
  journal   = {Archives of Computational Methods in Engineering},
  volume    = {30},
  number    = {1},
  pages     = {727--747},
  year      = {2023},
  publisher = {Springer}
}

@article{lai2021novel,
  title={A novel method for state of energy estimation of lithium-ion batteries using particle filter and extended Kalman filter},
  author={Lai, Xin and Huang, Yunfeng and Han, Xuebing and Gu, Huanghui and Zheng, Yuejiu},
  journal={Journal of Energy Storage},
  volume={43},
  pages={103269},
  year={2021},
  publisher={Elsevier}
}

